<?xml version="1.0" encoding="UTF-8"?><collection xmlns="http://www.loc.gov/MARC21/slim"><record><leader>00662nam--2200205-i-4500</leader><controlfield tag="001">000024483</controlfield><controlfield tag="002">20161230</controlfield><controlfield tag="005">20161230201035</controlfield><controlfield tag="008">060222s1000------------r-----000-0-eng-d</controlfield><datafield ind1=" " ind2=" " tag="020"><subfield code="a">3540158847</subfield></datafield><datafield ind1=" " ind2=" " tag="040"><subfield code="a">IFIN-HH</subfield></datafield><datafield ind1=" " ind2=" " tag="080"><subfield code="a">621.38(061.3)</subfield></datafield><datafield ind1="1" ind2=" " tag="100"><subfield code="a">Mourou, G. A</subfield></datafield><datafield ind1="1" ind2="0" tag="245"><subfield code="a">Picosecond electronics and optoelectronics</subfield><subfield code="b">Proceedings of the topical meeting lake tahoe, nevada, march 13-15, 1985</subfield><subfield code="c">G.a. mourou, d.m. bloom, c.-h. lee (eds.)</subfield></datafield><datafield ind1=" " ind2=" " tag="260"><subfield code="a">Berlin</subfield><subfield code="b">Springer-verlag</subfield><subfield code="c">1985</subfield></datafield><datafield ind1=" " ind2=" " tag="300"><subfield code="a">258P</subfield></datafield><datafield ind1=" " ind2=" " tag="490"><subfield code="a">Springer Series In Electrophysics</subfield><subfield code="v">Volume 21</subfield></datafield><datafield ind1="1" ind2=" " tag="700"><subfield code="a">Lee, C.-h</subfield><subfield code="e">Ed</subfield></datafield><datafield ind1=" " ind2=" " tag="852"><subfield code="a">46525</subfield><subfield code="c">537.533</subfield></datafield><datafield ind1=" " ind2=" " tag="CAT"><subfield code="a">Sys</subfield><subfield code="c">20110830</subfield><subfield code="h">123513</subfield></datafield></record></collection>